<record xmlns="http://www.loc.gov/MARC21/slim" xmlns:xsi="http://www.w3.org/2001/XMLSchema-instance" xsi:schemaLocation="http://www.loc.gov/MARC21/slim http://www.loc.gov/standards/marcxml/schema/MARC21slim.xsd">

  <leader>00843nam a2200181Ia 4500</leader>
  <datafield ind1=" " tag="999" ind2=" ">
    <subfield code="c">1019</subfield>
    <subfield code="d">1019</subfield>
  </datafield>
  <controlfield tag="008">180403b1984    cr ||||| |||| 00| | spa d</controlfield>
  <datafield ind2=" " ind1=" " tag="020">
    <subfield code="a">9977670072</subfield>
  </datafield>
  <datafield tag="090" ind1=" " ind2=" ">
    <subfield code="a">06.03.07 </subfield>
    <subfield code="b">1396</subfield>
  </datafield>
  <datafield ind1="1" tag="100" ind2=" ">
    <subfield code="a">Beirute, Leda</subfield>
    <subfield code="9">3508</subfield>
  </datafield>
  <datafield ind1="1" tag="245" ind2="0">
    <subfield code="a">Ayudemos a nuestros niños en sus dificultades escolares /</subfield>
    <subfield code="c">Leda Beirute, Jenny Ortuño, Ligia Ramírez.</subfield>
  </datafield>
  <datafield ind1=" " tag="260" ind2=" ">
    <subfield code="a">San José, Costa Rica : </subfield>
    <subfield code="b">Editorial de la Universidad de Costa Rica, </subfield>
    <subfield code="c">1984</subfield>
  </datafield>
  <datafield ind1=" " tag="300" ind2=" ">
    <subfield code="a">77 páginas</subfield>
  </datafield>
  <datafield ind2=" " tag="500" ind1=" ">
    <subfield code="a">Contenido: V. 2: guía para el área de motora gruesa; V.4: guía para el área de coordinación visomotora; V. 5: guía para el área de memoria auditiva; V. 6: Guía introductoria Nº 2; V.7: guía para el área de memoria visual</subfield>
  </datafield>
  <datafield tag="650" ind1="1" ind2="4">
    <subfield code="a">APRENDIZAJE </subfield>
    <subfield code="9">387</subfield>
  </datafield>
  <datafield ind2="4" ind1="1" tag="650">
    <subfield code="a">NECESIDADES DE EDUCACIÓN </subfield>
    <subfield code="9">834</subfield>
  </datafield>
  <datafield ind2="4" ind1="1" tag="650">
    <subfield code="a">NIÑOS</subfield>
    <subfield code="9">59</subfield>
  </datafield>
  <datafield tag="700" ind1=" " ind2=" ">
    <subfield code="a">Ortuño, Jenny</subfield>
    <subfield code="9">3509</subfield>
    <subfield code="e">coautor/a</subfield>
  </datafield>
  <datafield ind2=" " ind1=" " tag="700">
    <subfield code="a">Ramírez, Ligia</subfield>
    <subfield code="9">3510</subfield>
    <subfield code="e">coautor/a</subfield>
  </datafield>
  <datafield ind2=" " ind1=" " tag="942">
    <subfield code="2">z</subfield>
    <subfield code="c">01</subfield>
  </datafield>
</record>